@misc{Bom1978,
  author       = {Bom, P. L. J.},
  title        = {Greenhouse window actuating mechanism},
  year         = {1978},
  number       = {NL7808213A},
  institution  = {Netherlands Patent Office},
  note         = {Google Patents},
  url          = {https://patents.google.com/patent/NL7808213A/en},
}

@misc{Jaderloon1999,
  author       = {Jaderloon Company, Inc.},
  title        = {Covering mechanism for a greenhouse},
  year         = {1999},
  number       = {EP0929725A1},
  institution  = {European Patent Office},
  note         = {Google Patents},
  url          = {https://patents.google.com/patent/EP0929725A1/en},
}

@misc{Koziol1974,
  author       = {Koziol, L. L.},
  title        = {Portable greenhouse},
  year         = {1974},
  number       = {US3812616A},
  institution  = {U.S. Patent and Trademark Office},
  note         = {Google Patents},
  url          = {https://patents.google.com/patent/US3812616A/en},
}

@book{Erdman1990,
  author       = {Erdman, A. G. and Sandor, G. N.},
  title        = {Mechanism Design: Analysis and Synthesis},
  volume       = {1},
  edition      = {2nd},
  year         = {1990},
  publisher    = {Prentice Hall},
  address      = {Englewood Cliffs, NJ},
}

@book{Sandor1984,
  author       = {Sandor, G. N. and Erdman, A. G.},
  title        = {Advanced Mechanism Design: Analysis and Synthesis},
  volume       = {2},
  year         = {1984},
  publisher    = {Prentice-Hall},
  address      = {Englewood Cliffs, NJ},
}


